
% LIBRI

@book{elementsofstat,
        title = {The Elements of Statistical Learning},
        subtitle = {Data Mining, Inference, and Prediction},
        series = {Springer Series in Statistics},
        address = {New York},
	publisher = {Springer, 2nd edition},
	author = {{Hastie T.} and {Tibshirani R.J.} and {Friedman J.H.}},
	year = {2009},
}

@book{efron1993,
        title = {An Introduction to the Bootstrap},
        series = {Monographs on Statistics and Applied Probability},
        address = {London},
	publisher = {Chapman \& Hall},
	author = {{Efron B.} and {Tibshirani R.J.}},
	year = {1993},
}

@book{guideforpractitioners,
        title = {Bootstrap Methods: A Guide for Practitioners and Researchers},
        series = {Wiley Series in Probability and Statistics},
        address = {Hoboken},
	publisher = {John Wiley \& Sons, 2nd edition},
	author = {{Chernick M.R.}},
	year = {2007},
}

@book{appliedpredmodeling,
        title = {Applied Predictive Modeling},
        address = {New York},
	publisher = {Springer},
	author = {{Kuhn M.} and {Johnson K.}},
	year = {2013},
}

@book{introdtostatlearning,
        title = {An Introduction to Statistical Learning},
        subtitle = {With Applications in R},
        series = {Springer Texts in Statistics},
        address = {New York},
	publisher = {Springer, 2nd edition},
	author = {{James G.} and {Witten D.} and {Hastie T.} and {Tibshirani R.J.}},
	year = {2021},
}

@book{featureeng,
        title = {Feature Engineering and Selection : A Practical Approach for Predictive Models},
        series = {Chapman and Hall/CRC Data Science},
        address = {New York},
	publisher = {Chapman \& Hall},
	author = {{Kuhn M.} and {Johnson K.}},
	year = {2019},
}

@book{brieman,
        title = {Classification and Regression Trees},
        address = {New York},
	publisher = {Chapman \& Hall},
	author = {{Breiman L.} and {Friedman J.} and {Olshen R.A.} and {Stone C.J.}},
	year = {1984},
}


% ARTICOLI

@article{improvements,
        title = {Improvements on Cross-Validation: The .632+ Bootstrap Method},
        journal = {Journal of the American Statistical Association},
        volume = {92(438)},
        pages = {548-560},
	author = {{Efron B.} and {Tibshirani R.J.}},
	year = {1997},
}


@article{diciaccio,
        title = {Measuring the prediction error. A comparison of cross-validation, bootstrap and covariance penalty methods},
        journal = {Computational Statistics \& Data Analysis},
        volume = {54(12)},
        pages = {2976-2989},
	author = {{Borra S.} and {Di Ciaccio A.}},
	year = {2010},
}

@article{molinaro2005,
        title = {Prediction error estimation: a comparison of resampling methods},
        journal = {Bioinformatics},
        volume = {21(15)},
        pages = {3301-3307},
	author = {{Molinaro A.M.} and {Simon R.} and {Pfeiffer R.M.}},
	year = {2005},
}


@article{Kohavi,
        title = {A Study of Cross-Validation and Bootstrap for Accuracy Estimation and Model Selection},
        publisher = {Morgan Kaufmann Publishers Inc.},
        volume = {14},
        pages = {1137–1143},
        series = {IJCAI},
    author = {{Kohavi R.}},
    year = {1995}
}

@article{Fuetal,
        title = {Estimating misclassification error with small samples via bootstrap cross-validation},
        journal = {Bioinformatics},
        volume = {21(9)},
        pages = {1979–1986},
	author = {{Fu W.J.} and {Carroll R.J.} and {Wang S.}},
	year = {2005},
}

@article{vansanden,
        title = {Genomic Biomarkers for a Binary Clinical Outcome in Early Drug Development Microarray Experiments},
        journal = {Journal of Biopharmaceutical Statistics},
        volume = {22(1)},
        pages = {72–92},
	author = {{Van Sanden S.} and {Shkedy Z.} and {Burzykowski T.} and {Göhlmann H.W.H.} and {Talloen W.} and {Bijnens L.}},
	year = {2012},
}

@article{mclachlan,
        title = {Selection Bias in Gene Extraction on the Basis of Microarray Gene-Expression Data},
        journal = {Proceedings of the National Academy of Sciences of the United States of America},
        volume = {99(10)},
        pages = {6562-6566},
	author = {{Ambroise C.} and {McLachlan G.J.}},
	year = {2002},
}

@article{jiang2007,
        title = {A comparison of bootstrap methods and an adjusted bootstrap approach for estimating the prediction error in microarray classification},
        journal = {Statistics in Medicine},
        volume = {26(29)},
        pages = {5320-5334},
	author = {{Jiang W.} and {Simon R.}},
	year = {2007},
}

@article{jiang2013,
        title = {Estimating prediction error in microarray classification: Modifications of the 0.632+ bootstrap when $n<p$},
        journal = {Canadian Journal of Statistics},
        volume = {41(1)},
        pages = {133-150},
	author = {{Jiang W.} and {Chen B.E.}},
	year = {2013},
}

@article{hefny,
        title = {A New Monte Carlo-Based Error Rate Estimator},
        volume = {ANNPR 2010},
        pages = {37–47},
        series = {Artificial Neural Networks in Pattern Recognition},
        publisher="Springer Berlin Heidelberg",
	author = {{Hefny A.} and {Atiya A.F.}},
	year = {2010},
}

@article{empirical,
        title = {Empirical comparison of error rate-estimators in logistic discriminant analysis},
        journal = {Journal of Statistical Computation and Simulation},
        volume = {79(2)},
        pages = {111–120},
	author = {{Glele Kaka\"i R.L.} and {Palm R.}},
	year = {2009},
}

@article{Ikechukwu,
        title = {Evaluation of Error Rate Estimators in Discriminant Analysis with Multivariate Binary Variables},
        journal = {American Journal of Theoretical and Applied Statistics},
        volume = {5(4)},
        pages = {173-179},
	author = {{Ikechukwu E.}},
	year = {2016},
}

@article{wongTT,
        title = {Performance evaluation of classification algorithms by k-fold and leave-one-out cross validation},
        journal = {Pattern Recognition},
        volume = {48(9)},
        pages = {2839-2846},
	author = {{Wong T.T.}},
	year = {2015},
}

@article{bischl,
        title = {Resampling methods for meta-model validation with recommendations for evolutionary computation},
        journal = {Evolutionary Computation},
        volume = {20(2)},
        pages = {249–275},
	author = {{Bischl B.} and {Mersmann O.} and {Trautmann H.} and {Weihs C.}},
	year = {2012},
}

@article{celisse,
        title = {A survey of cross-validation procedures for model selection},
        journal = {Statistics Surveys},
        volume = {4},
        pages = {40-79},
	author = {{Arlot S.} and {Celisse A.}},
	year = {2010},
}

@article{raschka,
        title = {Model Evaluation, Model Selection, and Algorithm Selection in Machine Learning},
        journal = {CoRR},
        volume = {abs/1811.12808},
	author = {{Raschka S.}},
	year = {2018},
}

@article{stone,
        title = {Cross-Validatory Choice and Assessment of Statistical Predictions},
        journal = {Journal of the Royal Statistical Society: Series B (Methodological)},
        volume = {36(2)},
        pages = {111-133},
	author = {{Stone M.}},
	year = {1974},
}

@article{cawley,
        title = {On Over-fitting in Model Selection and Subsequent Selection Bias in Performance Evaluation},
        journal = {Journal of Machine Learning Research},
        volume = {11},
        pages = {2079–2107},
	author = {{Cawley G.C.} and {Talbot N.L.C.}},
	year = {2010},
}

@article{efron1983,
        title = {Estimating the Error Rate of a Prediction Rule: Improvement on Cross-Validation},
        journal = {Journal of the American Statistical Association},
        volume = {78(382)},
        pages = {316-331},
        author = {{Efron B.}},
        year = {1983}
}



@article{varma,
        title = {Bias in error estimation when using cross-validation for model selection},
        journal = {BMC Bioinformatics},
        volume = {7(1)},
        pages = {91},
        author = {{Varma S.} and {Simon R.}},
        year = {2006}
}



@article{lachenbruch1968,
        title = {Estimation of Error Rates in Discriminant Analysis},
        journal = {Technometrics},
        volume = {10(1)},
        pages = {1-11},
        author = {{Lachenbruch P.A.} and {Mickey M.R.}},
        year = {1968}
}

@article{kim2009,
        title = {Estimating classification error rate: Repeated cross-validation, repeated hold-out and bootstrap},
        journal = {Computational Statistics \& Data Analysis},
        volume = {53(11)},
        pages = {3735-3745},
        author = {{Kim J.H.}},
        year = {2009}
}


%article{bengio2004,
        title = {No Unbiased Estimator of the Variance of K-Fold Cross-Validation},
        journal = {Journal of Machine Learning Research},
        volume = {5},
        pages = {1089–1105},
        author = {{Bengio Y.} and {Grandvalet Y.}},
        year = {2004}
}

%article{bengio2012,
        title = {Random Search for Hyper-Parameter Optimization},
        journal = {Journal of Machine Learning Research},
        volume = {13},
        pages = {281–305},
        author = {{Bergstra J.} and {Bengio Y.}},
        year = {2012}
}

@article{emilioferrara,
        title = {Fairness and Bias in Artificial Intelligence: A Brief Survey of Sources, Impacts, and Mitigation Strategies},
        journal = {Sci},
        volume = {6(1)},
        pages = {3},
        author = {{Ferrara E.}},
        year = {2024}
}

@article{michaeljames,
        title = {The Ethical and Legal Implications of Using Big Data and Artificial Intelligence for Public Relations Campaigns in the United States},
        journal = {International Journal of Communication and Public Relation},
        volume = {9(1)},
        pages = {38-52},
        author = {{James M.}},
        year = {2024}
}

@article{geisser,
        title = {The Predictive Sample Reuse Method with Applications},
        journal = {Journal of the American Statistical Association},
        volume = {70(350)},
        pages = {320-328},
	author = {{Geisser S.}},
	year = {1975},
}








% REPORT

@report{techrep,
  author       = {{Borra S.} and {Di Ciaccio A.}},
  title        = {Estimators of extra‐sample error for non‐parametric methods. A comparison based on extensive simulations},
  institution  = {Dept. of Statistics, Prob. and Appl. Statistics, Univ. of Roma La Sapienza},
  type         = {Tech. Rep.},
  number       = {2008/19},
  year         = {2008},
}

% PACCHETTO R

@manual{e1071,
  author       = {{Dimitriadou E.} and {Hornik K.} and {Leisch F.} and {Meyer D.} and {Weingessel A.}},
  title        = {e1071: Misc Functions of the Department of Statistics, Probability Theory Group (Formerly: E1071), TU Wien},
  year         = {2023},
  note         = {R package version 1.7-14},
}